
@book{cormen_introduction_2009,
	address = {Cambridge, Mass.},
	edition = {3. ed},
	title = {Introduction to algorithms},
	isbn = {978-0-262-03384-8 978-0-262-53305-8},
	language = {eng},
	publisher = {MIT Press},
	editor = {Cormen, Thomas H. and Leiserson, Charles E. and Rivest, Ronald L. and Stein, Clifford},
	year = {2009},
	note = {OCLC: 698955316},
	keywords = {Algorithmus, Computer algorithms, Computer programming, Datenstruktur, Lehrbuch},
	file = {Cormen et al. - 2009 - Introduction to algorithms.pdf:/home/dodo/.zotero/zotero/nhbp9qw3.default/zotero/storage/K5AWASKJ/Cormen et al. - 2009 - Introduction to algorithms.pdf:application/pdf}
}

@book{deitel_cpp_2012,
	address = {Boston},
	edition = {8th ed},
	series = {How to program series},
	title = {C++: how to program},
	isbn = {978-0-13-266236-9},
	shorttitle = {C++},
	publisher = {Prentice Hall},
	author = {Deitel, Paul J. and Deitel, Harvey M.},
	year = {2012},
	keywords = {C++ (Computer program language)},
	file = {C++ How To Program (8th Edition).pdf:/home/dodo/.zotero/zotero/nhbp9qw3.default/zotero/storage/HV3VSSRB/C++ How To Program (8th Edition).pdf:application/pdf}
}
